@article{PhysRevB.88.085433,
	title = {Three-band tight-binding model for monolayers of group-VIB transition metal dichalcogenides},
	author = {Liu, Gui-Bin and Shan, Wen-Yu and Yao, Yugui and Yao, Wang and Xiao, Di},
	journal = {Phys. Rev. B},
	volume = {88},
	issue = {8},
	pages = {085433},
	numpages = {10},
	year = {2013},
	month = {Aug},
	publisher = {American Physical Society},
	doi = {10.1103/PhysRevB.88.085433},
	url = {https://link.aps.org/doi/10.1103/PhysRevB.88.085433}
}

@article{PhysRevB.88.045416,
	title = {Monolayer MoS${}_{2}$: Trigonal warping, the $\ensuremath{\Gamma}$ valley, and spin-orbit coupling effects},
	author = {Korm\'anyos, Andor and Z\'olyomi, Viktor and Drummond, Neil D. and Rakyta, P\'eter and Burkard, Guido and Fal'ko, Vladimir I.},
	journal = {Phys. Rev. B},
	volume = {88},
	issue = {4},
	pages = {045416},
	numpages = {8},
	year = {2013},
	month = {Jul},
	publisher = {American Physical Society},
	doi = {10.1103/PhysRevB.88.045416},
	url = {https://link.aps.org/doi/10.1103/PhysRevB.88.045416}
}

@article{radisavljevic2011,
	title={Single-layer MoS2 transistors},
	author={Radisavljevic, Branimir and Radenovic, Aleksandra and Brivio, Jacopo and Giacometti, Valentina and Kis, Andras},
	journal={Nature nanotechnology},
	volume={6},
	number={3},
	pages={147--150},
	year={2011},
	publisher={Nature Publishing Group UK London}
}
@article{PhysRevResearch.2.033256,
	title = {Valley Zeeman effect and Landau levels in two-dimensional transition metal dichalcogenides},
	author = {Xuan, Fengyuan and Quek, Su Ying},
	journal = {Phys. Rev. Res.},
	volume = {2},
	issue = {3},
	pages = {033256},
	numpages = {11},
	year = {2020},
	month = {Aug},
	publisher = {American Physical Society},
	doi = {10.1103/PhysRevResearch.2.033256},
	url = {https://link.aps.org/doi/10.1103/PhysRevResearch.2.033256}
}

@book{sakurai2020modern,
	title={Modern quantum mechanics},
	author={Sakurai, Jun John and Napolitano, Jim},
	year={2020},
	publisher={Cambridge University Press}
}
@article{PhysRevB.14.2239,
	title = {Energy levels and wave functions of Bloch electrons in rational and irrational magnetic fields},
	author = {Hofstadter, Douglas R.},
	journal = {Phys. Rev. B},
	volume = {14},
	issue = {6},
	pages = {2239--2249},
	numpages = {0},
	year = {1976},
	month = {Sep},
	publisher = {American Physical Society},
	doi = {10.1103/PhysRevB.14.2239},
	url = {https://link.aps.org/doi/10.1103/PhysRevB.14.2239}
}
@mastersthesis{yalcin_2019, title={Tight binding investigation of graphene nanostructures under magnetic field}, school={Middle East Technical University}, author={Yalçın, Fırat}, year={2019} }
@article{10.1119/1.1615568,
	author = {Analytis, James G. and Blundell, Stephen J. and Ardavan, Arzhang},
	title = {Landau levels, molecular orbitals, and the Hofstadter butterfly in finite systems},
	journal = {American Journal of Physics},
	volume = {72},
	number = {5},
	pages = {613-618},
	year = {2004},
	month = {05},
	abstract = {The Hofstadter butterfly is the energy spectrum of an infinite square lattice, plotted as a function of the magnetic field. We illustrate a method of calculating similar spectra for finite lattices in a magnetic field, using methods that consider the appropriate molecular orbitals, and find that the spectra resemble the Hofstadter butterfly. We relate the bonding and antibonding orbitals used to describe small systems to the Landau levels of the infinite system. This approach provides an unusual, but instructive, method of introducing the physics of Landau levels from the basic quantum mechanics of small systems.},
	issn = {0002-9505},
	doi = {10.1119/1.1615568},
	url = {https://doi.org/10.1119/1.1615568},
	eprint = {https://pubs.aip.org/aapt/ajp/article-pdf/72/5/613/8505028/613\_1\_online.pdf},
}
@book{Shoenberg_1984, place={Cambridge}, series={Cambridge Monographs on Physics}, title={Magnetic Oscillations in Metals}, publisher={Cambridge University Press}, author={Shoenberg, D.}, year={1984}, collection={Cambridge Monographs on Physics}}
@book{singleton2001band,
	title={Band Theory and Electronic Properties of Solids},
	author={Singleton, J.},
	isbn={9780198506447},
	lccn={20010328},
	series={Oxford Master Series in Condensed Matter Physics},
	url={https://books.google.com.vn/books?id=MftzBAAAQBAJ},
	year={2001},
	publisher={OUP Oxford}
}
@book{blundell2001magnetism,
	title={Magnetism in Condensed Matter},
	author={Blundell, S.},
	isbn={9780198505921},
	lccn={2001045167},
	series={Oxford Master Series in Condensed Matter Physics  4},
	url={https://books.google.com.vn/books?id=Jk5yDwAAQBAJ},
	year={2001},
	publisher={OUP Oxford}
}
@book{kittel1987quantum,
	title={Quantum Theory of Solids},
	author={Kittel, C.},
	isbn={9780471624127},
	lccn={lc86032478},
	url={https://books.google.com.vn/books?id=BcGwQgAACAAJ},
	year={1987},
	publisher={Wiley}
}
@article{Li_2011,
	doi = {10.1088/0953-8984/23/15/156002},
	url = {https://dx.doi.org/10.1088/0953-8984/23/15/156002},
	year = {2011},
	month = {apr},
	publisher = {},
	volume = {23},
	number = {15},
	pages = {156002},
	author = {Li, Juan and Wang, Yi-Fei and Gong, Chang-De},
	title = {Tight-binding electrons on triangular and kagomé lattices under staggered modulated
	magnetic fields: quantum Hall effects and Hofstadter butterflies},
	journal = {Journal of Physics: Condensed Matter},
	abstract = {We consider the tight-binding models of electrons on a two-dimensional triangular lattice and kagomé lattice under staggered modulated magnetic fields. Such fields have two components: a uniform-flux part with strength ϕ, and a staggered-flux part with strength Δϕ. Various properties of the Hall conductances and Hofstadter butterflies are studied. When ϕ is fixed, variation of Δϕ  leads to the quantum Hall transitions and Chern numbers of Landau subbands being redistributed between neighboring pairs. The energy spectra with nonzero Δϕs have similar fractal structures but quite different energy gaps compared with the original Hofstadter butterflies of Δϕ = 0. Moreover, the fan-like structure of Landau levels in the low magnetic field region is also modified appreciably by Δϕ.}
}
@article{harper1955general,
	title={The general motion of conduction electrons in a uniform magnetic field, with application to the diamagnetism of metals},
	author={Harper, Philip George},
	journal={Proceedings of the Physical Society. Section A},
	volume={68},
	number={10},
	pages={879-892},
	year={1955},
	publisher={IOP Publishing}
}
@article{aharonov1959,
	title={Significance of electromagnetic potentials in the quantum theory},
	author={Aharonov, Yakir and Bohm, David},
	journal={Physical review},
	volume={115},
	number={3},
	pages={485-497},
	year={1959},
	publisher={APS}
}
@article{peierls1933theorie,
	title={Zur theorie des diamagnetismus von leitungselektronen},
	author={Peierls, Rudolph},
	journal={Zeitschrift f{\"u}r Physik},
	volume={80},
	number={11},
	pages={763-791},
	year={1933},
	publisher={Springer}
}
@article{oh2000energy,
	title={Energy spectrum of a triangular lattice in a uniform magnetic field: Effect of next-nearest-neighbor hopping},
	author={Oh, Gi-Yeong},
	journal={Journal of the Korean Physical Society},
	volume={37},
	number={5},
	pages={534--539},
	year={2000},
	publisher={Korean Physical Society}
}
@book{solyom2008fundamentals,
	title={Fundamentals of the Physics of Solids: Volume II: Electronic Properties},
	author={S{\'o}lyom, Jen{\"o}},
	volume={2},
	year={2008},
	publisher={Springer Science \& Business Media}
}
@book{griffiths2018introduction,
	title={Introduction to quantum mechanics},
	author={Griffiths, David J and Schroeter, Darrell F},
	year={2018},
	publisher={Cambridge university press}
}
@article{streda1982,
	title={Theory of quantised Hall conductivity in two dimensions},
	author={Streda, P},
	journal={Journal of Physics C: Solid State Physics},
	volume={15},
	number={22},
	pages={L717},
	year={1982},
	publisher={IOP Publishing}
}
@article{di2022linking,
	title={Linking topological features of the Hofstadter model to optical diffraction figures},
	author={Di Colandrea, Francesco and d’Errico, Alessio and Maffei, Maria and Price, Hannah M and Lewenstein, Maciej and Marrucci, Lorenzo and Cardano, Filippo and Dauphin, Alexandre and Massignan, Pietro},
	journal={New Journal of Physics},
	volume={24},
	number={1},
	pages={013028},
	year={2022},
	publisher={IOP Publishing}
}
@article{dana1985,
	title={Quantised Hall conductance in a perfect crystal},
	author={Dana, Itzhack and Avron, Yosi and Zak, J},
	journal={Journal of Physics C: Solid State Physics},
	volume={18},
	number={22},
	pages={L679},
	year={1985},
	publisher={IOP Publishing}
}
@article{kohmoto1989,
	title={Zero modes and the quantized Hall conductance of the two-dimensional lattice in a magnetic field},
	author={Kohmoto, Mahito},
	journal={Physical Review B},
	volume={39},
	number={16},
	pages={11943},
	year={1989},
	publisher={APS}
}
@article{hatsugai1990energy,
	title={Energy spectrum and the quantum Hall effect on the square lattice with next-nearest-neighbor hopping},
	author={Hatsugai, Yasuhiro and Kohmoto, Mahito},
	journal={Physical review B},
	volume={42},
	number={13},
	pages={8282},
	year={1990},
	publisher={APS}
}
@article{kohmoto1985topological,
	title={Topological invariant and the quantization of the Hall conductance},
	author={Kohmoto, Mahito},
	journal={Annals of Physics},
	volume={160},
	number={2},
	pages={343--354},
	year={1985},
	publisher={Elsevier}
}
@article{thouless1982,
	title = {Quantized Hall Conductance in a Two-Dimensional Periodic Potential},
	author = {Thouless, D. J. and Kohmoto, M. and Nightingale, M. P. and den Nijs, M.},
	journal = {Phys. Rev. Lett.},
	volume = {49},
	issue = {6},
	pages = {405--408},
	numpages = {0},
	year = {1982},
	month = {Aug},
	publisher = {American Physical Society},
	doi = {10.1103/PhysRevLett.49.405},
	url = {https://link.aps.org/doi/10.1103/PhysRevLett.49.405}
}

@article{wannier1978,
	title={A result not dependent on rationality for Bloch electrons in a magnetic field},
	author={Wannier, GH},
	journal={physica status solidi (b)},
	volume={88},
	number={2},
	pages={757--765},
	year={1978},
	publisher={Wiley Online Library}
}
@article{avron2003,
	title={A topological look at the quantum Hall effect},
	author={Avron, Joseph E and Osadchy, Daniel and Seiler, Ruedi},
	journal={Physics today},
	volume={56},
	number={8},
	pages={38--42},
	year={2003},
	publisher={AIP Publishing}
}
@article{gumps1997,
	title = {Hofstadter butterfly for the hexagonal lattice},
	author = {Gumbs, Godfrey and Fekete, Paula},
	journal = {Phys. Rev. B},
	volume = {56},
	issue = {7},
	pages = {3787--3791},
	numpages = {0},
	year = {1997},
	month = {Aug},
	publisher = {American Physical Society},
	doi = {10.1103/PhysRevB.56.3787},
	url = {https://link.aps.org/doi/10.1103/PhysRevB.56.3787}
}
@article{klitzing90,
	title = {New Method for High-Accuracy Determination of the Fine-Structure Constant Based on Quantized Hall Resistance},
	author = {Klitzing, K. v. and Dorda, G. and Pepper, M.},
	journal = {Phys. Rev. Lett.},
	volume = {45},
	issue = {6},
	pages = {494--497},
	numpages = {0},
	year = {1980},
	month = {Aug},
	publisher = {American Physical Society},
	doi = {10.1103/PhysRevLett.45.494},
	url = {https://link.aps.org/doi/10.1103/PhysRevLett.45.494}
}
@article{xiao2010berry,
	title={Berry phase effects on electronic properties},
	author={Xiao, Di and Chang, Ming-Che and Niu, Qian},
	journal={Reviews of modern physics},
	volume={82},
	number={3},
	pages={1959--2007},
	year={2010},
	publisher={APS}
}
@article{rammal1985,
	title={Landau level spectrum of Bloch electrons in a honeycomb lattice},
	author={Rammal, R},
	journal={Journal de Physique},
	volume={46},
	number={8},
	pages={1345--1354},
	year={1985},
	publisher={Soci{\'e}t{\'e} fran{\c{c}}aise de physique}
}
