% BibTeX Entries
@Article{le2023attention,
author={Le, Viet-Tuan
and Kim, Yong-Guk},
title={Attention-based residual autoencoder for video anomaly detection},
journal={Applied Intelligence},
year={2023},
month={Feb},
day={01},
volume={53},
number={3},
pages={3240-3254},
issn={1573-7497},
doi={10.1007/s10489-022-03613-1}
}

@INPROCEEDINGS{le2012human,
  author={Le-Viet, Tuan and Ly-Quoc, Ngoc},
  booktitle={2012 International Conference on Control, Automation and Information Sciences (ICCAIS)}, 
  title={Human action recognition on simple and complex background in video}, 
  year={2012},
  volume={},
  number={},
  pages={114-119},
  keywords={Histograms;Humans;Image color analysis;Optical imaging;Feature extraction;Computer vision;Detectors;action recognition;bag-of-features;actions in context},
  doi={10.1109/ICCAIS.2012.6466569}
}

@misc{kim2024transformer,
  title={Transformer-based anomaly detection apparatus and method therefor},
  author={Kim, Yong Guk and Le, Viet Tuan},
  year={2024},
  month=may # "~23",
  publisher={Google Patents},
  note={US Patent App. 18/172,435},
  url={https://patents.google.com/patent/US20240167852A1/en}
}

@Book{swanson1999Mathematics,
  author    = {Swanson, Ellen and O\'Sean, Arlene and Antoinette Schleyer},
  title     = "Mathematics into Type",
  publisher = {Amer Mathematical Society},
  year      = {1999},
  volume    = "",
  number    = "",
  series    = "",
  address   = "",
  edition   = {Updated edition},
  month     = {Jan},
  note      = "",
  annote    = "",
  url       = {https://www.ams.org/publications/authors/mit-2.pdf}
}

@online{algorithms2024overleaf,
 author               = {Overleaf},
 title                = {Algorithms},
 url                  = {https://www.overleaf.com/learn/latex/Algorithms},
 urldate              = {2022-08-01} 
 }