@article{PhysRevB.88.085433,
	title = {Three-band tight-binding model for monolayers of group-VIB transition metal dichalcogenides},
	author = {Liu, Gui-Bin and Shan, Wen-Yu and Yao, Yugui and Yao, Wang and Xiao, Di},
	journal = {Phys. Rev. B},
	volume = {88},
	issue = {8},
	pages = {085433},
	numpages = {10},
	year = {2013},
	month = {Aug},
	publisher = {American Physical Society},
	doi = {10.1103/PhysRevB.88.085433},
	url = {https://link.aps.org/doi/10.1103/PhysRevB.88.085433}
}
@article{PhysRevB.88.045416,
	title = {Monolayer MoS${}_{2}$: Trigonal warping, the $\ensuremath{\Gamma}$ valley, and spin-orbit coupling effects},
	author = {Korm\'anyos, Andor and Z\'olyomi, Viktor and Drummond, Neil D. and Rakyta, P\'eter and Burkard, Guido and Fal'ko, Vladimir I.},
	journal = {Phys. Rev. B},
	volume = {88},
	issue = {4},
	pages = {045416},
	numpages = {8},
	year = {2013},
	month = {Jul},
	publisher = {American Physical Society},
	doi = {10.1103/PhysRevB.88.045416},
	url = {https://link.aps.org/doi/10.1103/PhysRevB.88.045416}
}

@article{PhysRevResearch.2.033256,
	title = {Valley Zeeman effect and Landau levels in two-dimensional transition metal dichalcogenides},
	author = {Xuan, Fengyuan and Quek, Su Ying},
	journal = {Phys. Rev. Res.},
	volume = {2},
	issue = {3},
	pages = {033256},
	numpages = {11},
	year = {2020},
	month = {Aug},
	publisher = {American Physical Society},
	doi = {10.1103/PhysRevResearch.2.033256},
	url = {https://link.aps.org/doi/10.1103/PhysRevResearch.2.033256}
}

@book{sakurai2020modern,
	title={Modern quantum mechanics},
	author={Sakurai, Jun John and Napolitano, Jim},
	year={2020},
	publisher={Cambridge University Press}
}
@article{PhysRevB.14.2239,
	title = {Energy levels and wave functions of Bloch electrons in rational and irrational magnetic fields},
	author = {Hofstadter, Douglas R.},
	journal = {Phys. Rev. B},
	volume = {14},
	issue = {6},
	pages = {2239--2249},
	numpages = {0},
	year = {1976},
	month = {Sep},
	publisher = {American Physical Society},
	doi = {10.1103/PhysRevB.14.2239},
	url = {https://link.aps.org/doi/10.1103/PhysRevB.14.2239}
}
